
@article{jonasz_absorption_2007,
	title = {Absorption coefficient of water: data sources},
	journal = {Topics in Particle and Dispersion Science},
	author = {Jonasz, M},
	year = {2007},
	file = {water.dat:/home/ww/.zotero/zotero/78n6duk3.default/zotero/storage/FCRMCA38/water.dat:application/x-ns-proxy-autoconfig}
}

@article{buck_new_1981,
	title = {New equations for computing vapor pressure and enhancement factor},
	volume = {20},
	number = {12},
	journal = {Journal of applied meteorology},
	author = {Buck, Arden L},
	year = {1981},
	pages = {1527--1532},
	file = {arden_buck_sat.pdf:/home/ww/.zotero/zotero/78n6duk3.default/zotero/storage/J9DT7MWA/arden_buck_sat.pdf:application/pdf}
}

@article{whiteman_cloud_1999,
	title = {Cloud liquid water, mean droplet radius, and number density measurements using a {Raman} lidar},
	volume = {104},
	number = {D24},
	journal = {Journal of Geophysical Research: Atmospheres (1984â€“2012)},
	author = {Whiteman, David N and Melfi, S Harvey},
	year = {1999},
	pages = {31411--31419},
	file = {cloudliqwateretc.pdf:/home/ww/.zotero/zotero/78n6duk3.default/zotero/storage/5TJP3T9I/cloudliqwateretc.pdf:application/pdf}
}